% This file was created with JabRef 2.10b2.
% Encoding: UTF-8

@Manual{abnTeX22014c,
  Title                    = {O pacote abntex2cite},
  Author                   = { Lauro C\'{e}sar Araujo and abnTeX2 },
  Organization             = {Equipe abnTeX2},
  Year                     = {2014},

  Bdsk-url-1               = {http://code.google.com/p/abntex2/wiki/Download},
  Pages                    = {23},
  Subtitle                 = {T\'{o}picos espec\'{i}ficos da ABNT NBR 10520:2002 e o estilo bibliogr\'{a}fico alfab\'{e}tico (sistema autor-data)},
  Timestamp                = {2014.09.27},
  Url                      = {http://abntex2.googlecode.com/},
  Urlaccessdate            = {12 de setembro de 2014}
}

@Book{COMER,
  Title                    = {A interligação de redes com TCP/IP},
  Author                   = {Douglas E. Comer },
  Publisher                = {Elsevier},
  Year                     = {2006},

  Address                  = {Rio de Janeiro},
  Edition                  = {5},
}

@Book{TANENBAUM,
  Title                    = {Redes de computadores},
  Author                   = {Andrew S. Tanenbaum and David Wetherall },
  Publisher                = {Pearson Prentice Hall},
  Year                     = {2011},

  Address                  = {São Paulo},
  Edition                  = {5},
}

@Book{STALLINGS,
  Title                    = {Data and Computer Comunication},
  Author                   = {William Stallings},
  Publisher                = {Pearson Prentice Hall},
  Year                     = {2007},

  Address                  = {Upper Saddle River, NJ},
  Edition                  = {8},
}

@Book{KUROSE,
  Title                    = {{Redes de Computadores e a Internet. Uma abordagem top-down}},
  Author                   = {James F. Kurose and Keith W. Ross},
  Publisher                = {Pearson},
  Year                     = {2013},

  Address                  = {São Paulo},
  Edition                  = {6},
 
}

@Book{FOR,
  Title                    = {Protocolo TCP/IP},
  Author                   = {Behrouz A. Forouzan and Sophia C. Fegan},
  Publisher                = {McGrow-Hill},
  Year                     = {2008},

  Address                  = {São Paulo},
  Edition                  = {3},
}

@Article{CERF,
  Title                    = {A Protocol for Packet Network Intercommunication},
  Author                   = {Vinton G. Cerf and Robert E. Kahn},
  Journal                  = {IEEE Transactions on Communication},
  Year                     = {1974},

  Mounth                   = {Maio},
  Url					   = {https://www.cs.princeton.edu/courses/archive/fall06/cos561/papers/cerf74.pdf},
}
	
@Article{SAVORIC,
  Title                    = {{The TCP control block interdependence in fixed networks. New
  performance results}},
  Author                   = {Michael Savorić and Holger Karl and Adam Wolisz ́},
  Journal                  = {Computer Communications},
  Year                     = {2003},
  Number                   = {26},
  Pages                    = {366–375},
  URL					   = {},

}

@Article{BULENT,
  Title                    = {Analysis of Students’ Performances during Lab Sessions of Computer
  Networks Course},
  Author                   = {Bulent Gursel Emiroglu and Seda Sahin},
  Year                     = {2013},
  School				   = {Computer Engineering Department, Engineering Faculty},
  
  Journal                  = {Educational Technology \& Society},
  Number                   = {16 (3)},
  Pages                    = {329–346},

  URL					   = {},

}

@Article{LEE,
  Title                    = {An Educational Networking Framework for Full Layer Implementation and Testing},
  Author				   = {Keunhong Lee and Joongi Kim and Sue Moon},
  School				   = {Department of Computer Science, KAIST},
 
  Year                     = {2014},
  URL					   = {},

}

@Misc{POLETTI,
  Title                    = {Aprimoramento de um simulador didático de redes de computadores},
  Author                   = {Cristiano Poletti},
  Year                     = {2013},
  Url                      = {https://intranet.univates.br/bdu/bitstream/10737/381/1/CristianoPoletti.pdf},
  School				   = {UNIVATS},
}

@Misc{RFC793,
  Title                    = {Transmission Control Protocol},

  Author                   = {DARPA INTERNET PROGRAM},
  Year                     = {1981},

  Key                      = {URL},
  Url                      = {https://tools.ietf.org/html/rfc793},
  Urlaccessdate            = {23 de mar{\c c}o de 2016}
}

@Misc{RFC4960,
  Title                    = {Stream Control Transmission Protocol},

  Author                   = {IETF},
  Year                     = {2007},

  Key                      = {URL},
  Url                      = {https://tools.ietf.org/html/rfc4960},

}

@Misc{RFC768,
  Title                    = {User Datagram Protocol},

  Author                   = {IETF},
  Year                     = {1980},

  Key                      = {URL},
  Url                      = {https://tools.ietf.org/html/rfc768},
  Urlaccessdate            = {23 de mar{\c c}o de 2016}
}

@Misc{RFC791,
  Title                    = {Internet Protocol},

  Author                   = {DARPA INTERNET PROGRAM},
  Year                     = {1981},

  Key                      = {URL},
  Url                      = {https://www.ietf.org/rfc/rfc791.txt},
}

@Misc{RFC1180,
  Title                    = {A TCP/IP Tutorial},

  Author                   = {IETF},
  Year                     = {1991},

  Key                      = {IRL},
  Url                      = {https://tools.ietf.org/html/rfc1180},
 
}

@Misc{RFC1122,
  Title                    = {{Requirements for Internet Hosts. Communication Layers}},

  Author                   = {IETF},
  Year                     = {1989},

  Url                      = {https://tools.ietf.org/html/rfc1122},
}

@Misc{RFC1123,
  Title                    = {{Requirements for Internet Hosts. Application and Support}},
  Author                   = {IETF},
  Year                     = {1989},

  Url                      = {https://tools.ietf.org/html/rfc1123},

}

@Misc{RFC826,
  Title                    = {An Ethernet Address Resolution Protocol},
  Author                   = {IETF},
  Year                     = {1982},

  Url                      = {https://tools.ietf.org/html/rfc826}
}

@Misc{CISCOPT,
  Title                    = {What is Cisco Packet Tracer?},

  Author                   = {Cisco Systems},
  Year                     = {2016},
  Url                      = {http://www.packettracernetwork.com/}
}

@Misc{GNS3,
  Title                    = {GNS3\textsuperscript{R}: The software that empowers network professionals.},

  Author                   = {GNS3 Technologies},
  Year                     = {2016},
  Url                      = {https://www.gns3.com/}
}




